<?xml version="1.0" encoding="UTF-8"?><collection xmlns="http://www.loc.gov/MARC21/slim"><record><leader>00624nam--2200193-i-4500</leader><controlfield tag="001">000044754</controlfield><controlfield tag="002">20161230</controlfield><controlfield tag="005">20161230201044</controlfield><controlfield tag="008">060222s1000------------r-----000-0-fre-d</controlfield><datafield ind1=" " ind2=" " tag="040"><subfield code="a">IFIN-HH</subfield></datafield><datafield ind1=" " ind2=" " tag="041"><subfield code="a">fre</subfield></datafield><datafield ind1=" " ind2=" " tag="080"><subfield code="a">620.1(021)=4:539.4(021)=4</subfield></datafield><datafield ind1="1" ind2=" " tag="100"><subfield code="a">Timoshenko, S</subfield></datafield><datafield ind1="1" ind2="0" tag="245"><subfield code="a">Resistance des materiaux</subfield><subfield code="b">Traduction de l`anglais sur la deuxieme edition par ch. laffitte</subfield><subfield code="c">S. timoshenko</subfield></datafield><datafield ind1=" " ind2=" " tag="260"><subfield code="a">Paris</subfield><subfield code="b">Librairie Polytechnique Ch. Beranger</subfield><subfield code="c">1947, 1949</subfield></datafield><datafield ind1=" " ind2=" " tag="300"><subfield code="a">2 VOLUME</subfield></datafield><datafield ind1="1" ind2=" " tag="787"><subfield code="a">Deuxieme Partie</subfield><subfield code="h">Xvi+464p</subfield><subfield code="t">Theorie Developpee Et Problemes</subfield></datafield><datafield ind1=" " ind2=" " tag="852"><subfield code="a">857</subfield><subfield code="c">539.4</subfield></datafield><datafield ind1=" " ind2=" " tag="CAT"><subfield code="a">Sys</subfield><subfield code="c">20130125</subfield><subfield code="h">124845</subfield></datafield></record></collection>